@BOOK{2010,
        AUTHOR = {Laura Garwin and Tim Lincoln (eds.)},
        YEAR = {2010},
        TITLE = {A Century of Nature - Twenty-One Discoveries that Changed Science and the World},
        EDITION = {},
        ISBN = {978-0-226-28416-3},
        PUBLISHER = {University of Chicago Press},
        ADDRESS = {Chicago},
}
@BOOK{Sigrist2018,
        AUTHOR = {Sigrist, Markus Werner},
        YEAR = {2018},
        TITLE = {Laser: Theorie, Typen und Anwendungen},
        EDITION = {8. Aufl. 2018},
        ISBN = {978-3-662-57514-7},
        PUBLISHER = {Springer Berlin Heidelberg},
        ADDRESS = {Wiesbaden},
}
@incollection{HENDOW1997343,
title = "12 - Optical Materials and Devices",
editor = "F.B. Dunning and Randall G. Hulet",
series = "Experimental Methods in the Physical Sciences",
publisher = "Academic Press",
volume = "29",
pages = "343 - 367",
year = "1997",
booktitle = "Atomic, Molecular, and Optical Physics: Electromagnetic Radiation",
issn = "1079-4042",
doi = "https://doi.org/10.1016/S0076-695X(08)60621-3",
url = "http://www.sciencedirect.com/science/article/pii/S0076695X08606213",
author = "Sami T. Hendow"
}
@article{IUPAC2013,
author = {Meija, Juris and Coplen, Tyler and Berglund, Michael and Brand, W. and De Bièvre, Paul and Gröning, Manfred and Holden, N. and Irrgeher, Johanna and Loss, Robert and Walczyk, Thomas and Prohaska, Thomas},
year = {2016},
month = {01},
pages = {265-291},
title = {Atomic weights of the elements 2013 (IUPAC Technical Report)},
volume = {88},
journal = {Pure and Applied Chemistry},
doi = {10.1515/pac-2015-0305}
}
