@BOOK{Sigrist2018,
        AUTHOR = {Sigrist, Markus Werner},
        YEAR = {2018},
        TITLE = {Laser: Theorie, Typen und Anwendungen},
        EDITION = {8. Aufl. 2018},
        ISBN = {978-3-662-57514-7},
        PUBLISHER = {Springer Berlin Heidelberg},
        ADDRESS = {Wiesbaden},
}
@article{IUPAC2013,
author = {Meija, Juris and Coplen, Tyler and Berglund, Michael and Brand, W. and De Bièvre, Paul and Gröning, Manfred and Holden, N. and Irrgeher, Johanna and Loss, Robert and Walczyk, Thomas and Prohaska, Thomas},
year = {2016},
month = {01},
pages = {265-291},
title = {Atomic weights of the elements 2013 (IUPAC Technical Report)},
volume = {88},
journal = {Pure and Applied Chemistry},
doi = {10.1515/pac-2015-0305}
}
