@online{nudat,
year=2019,
month=Nov,
url={https://www.nndc.bnl.gov/nudat2/},
urldate={2019-11-29},
title={Nudat 2}}
