@article{Pro,
    author =       "I. Proch√°zka",
    title =        "Positron Anihilation Spectroscopy",
    journal =      "Materials Structure",
    volume =       "8",
    number =       "2",
    year =         "2001",
    URL =          "http://www.xray.cz/ms/bul2001-2/prochazka.pdf",
    keywords =     "physics"
}
