@misc{wikipedia_2019, title={Wikipedia, Shockley-Gleichung}, url={https://de.wikipedia.org/wiki/Diode#Ideale_Diode_/_Shockley-Gleichung}, journal={Wikipedia}, publisher={Wikimedia Foundation}, year={2019}, month={Apr}}
